@article{curiosity,
  title={Curiosity-Driven Exploration by Self-Supervised Prediction},
  author={Deepak Pathak and Pulkit Agrawal and Alexei A. Efros and Trevor Darrell},
  journal={2017 IEEE Conference on Computer Vision and Pattern Recognition Workshops (CVPRW)},
  year={2017},
  pages={488-489}
}

@article{gym,
  title={OpenAI Gym},
  author={Greg Brockman and Vicki Cheung and Ludwig Pettersson and Jonas Schneider and John Schulman and Jie Tang and Wojciech Zaremba},
  journal={ArXiv},
  year={2016},
  volume={abs/1606.01540}
}

@article{a2c,
  title={High-Dimensional Continuous Control Using Generalized Advantage Estimation},
  author={John Schulman and Philipp Moritz and Sergey Levine and Michael I. Jordan and Pieter Abbeel},
  journal={CoRR},
  year={2015},
  volume={abs/1506.02438}
}

@article{budapest,
  title={Attention-based Curiosity-driven Exploration in Deep Reinforcement Learning},
  author={Patrik Reizinger and Marton Szemenyei},
  journal={ArXiv},
  year={2019},
  volume={abs/1910.10840}
}

@article{adam,
  title={Adam: A Method for Stochastic Optimization},
  author={Diederik P. Kingma and Jimmy Ba},
  journal={CoRR},
  year={2015},
  volume={abs/1412.6980}
}

@article{lstm,
  title={Long Short-Term Memory},
  author={Sepp Hochreiter and J{\"u}rgen Schmidhuber},
  journal={Neural Computation},
  year={1997},
  volume={9},
  pages={1735-1780}
}

@article{ppo,
  title={Proximal Policy Optimization Algorithms},
  author={John Schulman and Filip Wolski and Prafulla Dhariwal and Alec Radford and Oleg Klimov},
  journal={ArXiv},
  year={2017},
  volume={abs/1707.06347}
}
